

@misc{tsql,
	howpublished={\url{https://docs.microsoft.com/en-us/sql/t-sql/language-reference/}},
	title={{T-SQL Instrukcja}},
	note= {[data dostępu: 12 grudnia 2017]},
}

@book{ruszglowa,
    author    = {Jennifer Greene, Andrew Stellman},
    title     = {Rusz głową! C\#},
    year      = {2014},
    publisher = {Helion},
    address   = {Gliwice}
}

@book{wzorceprojektowe,
    author    = {Erich Gamma and Richard Helm and Ralph Johnson and John Vlissides},
    title     = {Wzorce projektowe. Elementy oprogramowania obiektowego wielokrotnego użytku.},
    year      = {2010},
    publisher = {Helion},
    address   = {Gliwice}
}

@book{algorytmy,
    author    = {Czech Z.J. and Deorowicz S. and Fabian P.},
    title     = {Algorytmy i struktury danych. Wybrane zagadnienia.},
    year      = {2007},
    publisher = {Wydawnictwo Politechniki Śląskiej},
    address   = {Gliwice}
}

@book{aspnet,
    author    = {Adam Freeman},
    title     = {ASP.NET MVC 5. Zaawansowane programowanie.},
    year      = {2015},
    publisher = {Helion},
    address   = {Gliwice}
}

@book{progwin,
    author    = {Johnson M. Hart},
    title     = {Programowanie w systemie Windows. Wydanie IV.},
    year      = {2010},
    publisher = {Helion},
    address   = {Gliwice}
}

@book{perelki,
    author    = {Jon Bentley},
    title     = {Perełki programowania. Wydanie II.},
    year      = {2012},
    publisher = {Helion},
    address   = {Gliwice}
}













